<record><leader>00000cas a22000007a 4500</leader><controlfield tag="001">9775641</controlfield><controlfield tag="008">830804d18781uuunyuwr ne      0    0eng d</controlfield><datafield ind1=" " ind2=" " tag="010"><subfield code="a">sn 83031095 </subfield></datafield><datafield ind1=" " ind2=" " tag="040"><subfield code="a">NPU</subfield><subfield code="b">eng</subfield><subfield code="c">NPU</subfield><subfield code="d">NYS</subfield><subfield code="d">OCLCQ</subfield></datafield><datafield ind1=" " ind2=" " tag="042"><subfield code="a">msc</subfield></datafield><datafield ind1="0" ind2="4" tag="245"><subfield code="a">The Binghamton Sunday wasp.</subfield></datafield><datafield ind1="3" ind2="0" tag="246"><subfield code="a">Sunday wasp</subfield></datafield><datafield ind1=" " ind2=" " tag="260"><subfield code="a">Binghamton [N.Y.] :</subfield><subfield code="b">Fred Secor, Wm. Storten</subfield></datafield><datafield ind1=" " ind2=" " tag="300"><subfield code="a">v. ;</subfield><subfield code="c">51 cm.</subfield></datafield><datafield ind1=" " ind2=" " tag="310"><subfield code="a">Weekly</subfield></datafield><datafield ind1="1" ind2=" " tag="362"><subfield code="a">Began May 5, 1878?</subfield></datafield><datafield ind1=" " ind2=" " tag="500"><subfield code="a">Published as: Sunday wasp, &lt;Feb. 16, 1879&gt;.</subfield></datafield><datafield ind1=" " ind2=" " tag="500"><subfield code="a">Publishers: Fred Secor, William Storten, &lt;1878&gt;; William H. Van Slyck, &lt;1879&gt;.</subfield></datafield><datafield ind1=" " ind2=" " tag="500"><subfield code="a">Editors: Will S. Secor and Storten, &lt;1878-&gt;; William H. Van Slyck.</subfield></datafield><datafield ind1=" " ind2=" " tag="588"><subfield code="a">Description based on: Vol. 1, no. 4 (May 26, 1878).</subfield></datafield><datafield ind1=" " ind2="4" tag="651"><subfield code="a">Binghamton (N.Y.)</subfield><subfield code="v">Newspapers.</subfield></datafield><datafield ind1="1" ind2=" " tag="700"><subfield code="a">Secor, Will S.</subfield></datafield><datafield ind1="1" ind2=" " tag="700"><subfield code="a">Van Slyck, William H.</subfield></datafield><datafield ind1=" " ind2=" " tag="752"><subfield code="a">United States</subfield><subfield code="b">New York</subfield><subfield code="c">Broome</subfield><subfield code="d">Binghamton.</subfield></datafield><datafield ind1="1" ind2=" " tag="029"><subfield code="a">AU@</subfield><subfield code="b">000025830752</subfield></datafield></record>